@article{Brakenhoff2022,
author = {Brakenhoff, D. A. and Vonk, M. A. and Collenteur, R. A. and Van Baar, M. and Bakker, M.},
title = {Application of time series analysis to estimate drawdown from multiple well fields},
journal = {Frontiers in Earth Science},
volume = {10},
year = {2022 (in press)},
}

@article{Pastas,
author = {Collenteur, R. A. and Bakker, M. and Calj√©, R. and Klop, S. A. and Schaars, F.},
title = {Pastas: Open Source Software for the Analysis of Groundwater Time Series},
journal = {Groundwater},
volume = {57},
number = {6},
pages = {877-885},
year = {2019}
}